@misc{HSRLpage,
  doi = {10.5065/D67W6976},
  url = {https://doi.org/10.5065/D67W6976},
  author = {UCAR/NCAR - Earth Observing Laboratory and University of Wisconsin},
  publisher = {UCAR/NCAR - Earth Observing Laboratory},
  title = {High Spectral Resolution Lidar for the Gulfstream-V; G5-HSRL},
  year = {2010},
}


@misc{PythonEnvWiki,
  url = {https://wiki.ucar.edu/pages/viewpage.action?spaceKey=hsrl&title=Creating+a+Python+environment+for+hsrl_python},
  author = {Joe VanAndel}, 
  title = {Creating a Python environment for hsrl python},
}
